@misc{vlsiverify,
	author = {VLSIVerify},
	title = {Tasks and Functions in Verilog},
	howpublished = {https://vlsiverify.com/verilog/tasks-and-functions/}
}

@misc{asic_2014,
	author = {ASICWORLD},
	title = {Task And Function},
	howpublished = {https://www.asic-world.com/verilog/task-func1.html},
	year = {2014}
}

@misc{octet_2021,
	author = {TheOctetInstitute},
	title = {Verilog functions and tasks},
	howpublished = {https://www.theoctetinstitute.com/
	content/verilog/function-task/},
	year = {2021}
}