@misc{vlsiverify,
	author = {VLSIVerify},
	title = {Generate Blocks in Verilog},
	howpublished = {https://vlsiverify.com/verilog/generate-blocks-in-verilog/}
}

@misc{chipverify,
	author = {ChipVerify},
	title = {Verilog generate block},
	howpublished = {https://www.chipverify.com/verilog/verilog-generate-block}
}

