@misc{delay,
	author = {},
	title = {Busy-wait sleep function has incorrect timing on NIOS CPU},
	howpublished = {\url{https://electronics.stackexchange.com/questions/352295/busy-wait-sleep-function-has-incorrect-timing-on-nios-cpu}},
	year = {},
	note = {[Accessed 06-06-2024]},
}

@misc{IO,
	author = {Intel Community},
	title = {NIOS II C language about SDRAM IOWR & IORD function and fopen & fclose},
	howpublished = {\url{https://community.intel.com/t5/Programmable-Devices/NIOS-II-C-language-about-SDRAM-IOWR-IORD-function-and-fopen/m-p/17296}},
	year = {},
	note = {[Accessed 06-06-2024]},
}