@misc{numeros_2024,
	author = {PiliApp},
	title = {Generador de n√∫meros aleatorios},
	howpublished = {https://es.piliapp.com/random/number/},
	place = {Taiwan}
}